<record><leader>00000cas a22000007a 4500</leader><controlfield tag="001">25397026</controlfield><controlfield tag="008">920305d19421982nyuwr ne      0    0eng d</controlfield><datafield ind1=" " ind2=" " tag="010"><subfield code="a">sn 92061500 </subfield></datafield><datafield ind1=" " ind2=" " tag="040"><subfield code="a">NYS</subfield><subfield code="b">eng</subfield><subfield code="c">NYS</subfield><subfield code="d">OCLCQ</subfield></datafield><datafield ind1=" " ind2=" " tag="042"><subfield code="a">msc</subfield></datafield><datafield ind1="0" ind2=" " tag="130"><subfield code="a">Pawling-Patterson news-chronicle (Pawling, N.Y. : 1942)</subfield></datafield><datafield ind1="1" ind2="0" tag="245"><subfield code="a">Pawling-Patterson news-chronicle.</subfield></datafield><datafield ind1=" " ind2=" " tag="260"><subfield code="a">Pawling, N.Y. :</subfield><subfield code="b">Ray F. Dalzell,</subfield><subfield code="c">1942-1982.</subfield></datafield><datafield ind1=" " ind2=" " tag="300"><subfield code="a">41 v. :</subfield><subfield code="b">ill.</subfield></datafield><datafield ind1=" " ind2=" " tag="310"><subfield code="a">Weekly</subfield></datafield><datafield ind1="0" ind2=" " tag="362"><subfield code="a">Vol. 72, no. 51 (Dec. 3, 1942)- ; -112th year, no. 31 (Aug. 11, 1982).</subfield></datafield><datafield ind1=" " ind2="4" tag="651"><subfield code="a">Pawling (N.Y.)</subfield><subfield code="v">Newspapers.</subfield></datafield><datafield ind1=" " ind2="4" tag="651"><subfield code="a">Patterson (N.Y.)</subfield><subfield code="v">Newspapers.</subfield></datafield><datafield ind1=" " ind2=" " tag="752"><subfield code="a">United States</subfield><subfield code="b">New York</subfield><subfield code="c">Dutchess</subfield><subfield code="d">Pawling.</subfield></datafield><datafield ind1=" " ind2=" " tag="752"><subfield code="a">United States</subfield><subfield code="b">New York</subfield><subfield code="c">Putnam</subfield><subfield code="d">Patterson.</subfield></datafield><datafield ind1="0" ind2="0" tag="780"><subfield code="t">News-chronicle (Pawling, N.Y.)</subfield><subfield code="w">(DLC)sn 91066499</subfield><subfield code="w">(OCoLC)25395759</subfield></datafield><datafield ind1="0" ind2="0" tag="785"><subfield code="t">News chronicle (Pawling, N.Y.)</subfield><subfield code="w">(DLC)sn 84007729</subfield><subfield code="w">(OCoLC)10635483</subfield></datafield></record>